@misc{wikipedia-gini,
	author = {},
	title = {Коэффициент Джини — Википедия --- ru.wikipedia.org},
	howpublished = {\url{https://ru.wikipedia.org/wiki/%D0%9A%D0%BE%D1%8D%D1%84%D1%84%D0%B8%D1%86%D0%B8%D0%B5%D0%BD%D1%82_%D0%94%D0%B6%D0%B8%D0%BD%D0%B8}},
	year = {},
	note = {[Accessed 14-12-2024]},
}

@misc{sheet-count-likes,
	author = {},
	title = {Table count of likes of top authors},
	howpublished = {\url{https://docs.google.com/spreadsheets/d/1m4j6RICIfq6DIdJ1OtQPb95STsEhHjRoEMEKSS9QAVE/edit?gid=1373352226#gid=1373352226}},
	year = {},
}

@misc{sheet-calc-gini-coefficient,
	author = {},
	title = {Table calculation of gini coefficient},
	howpublished = {\url{https://docs.google.com/spreadsheets/d/1m4j6RICIfq6DIdJ1OtQPb95STsEhHjRoEMEKSS9QAVE/edit?gid=1472074717#gid=1472074717}},
	year = {},
}

@misc{sheet-count-comments,
	author = {},
	title = {Table count of comments},
	howpublished = {\url{https://docs.google.com/spreadsheets/d/1m4j6RICIfq6DIdJ1OtQPb95STsEhHjRoEMEKSS9QAVE/edit?gid=1821382722#gid=1821382722}},
	year = {},
}

@misc{code-scrape-py,
	author = {},
	title = {scrape.py},
	howpublished = {\url{https://drive.google.com/file/d/1x_XWGbxKHCPxmJo7_cfyQRLmpgFyUDie/view?usp=drive_link}},
	year = {},
}
